<record><leader>00000cas a2200000 a 4500</leader><controlfield tag="001">12245184</controlfield><controlfield tag="008">850709d18721883iluwr ne      0   a0eng c</controlfield><datafield ind1=" " ind2=" " tag="010"><subfield code="a">sn 85033755 </subfield></datafield><datafield ind1=" " ind2=" " tag="040"><subfield code="a">NPU</subfield><subfield code="b">eng</subfield><subfield code="c">NPU</subfield><subfield code="d">NVF</subfield><subfield code="d">MGN</subfield><subfield code="d">OCLCQ</subfield><subfield code="d">NVF</subfield><subfield code="d">OCLCO</subfield><subfield code="d">OCLCF</subfield></datafield><datafield ind1="1" ind2=" " tag="029"><subfield code="a">AU@</subfield><subfield code="b">000020383479</subfield></datafield><datafield ind1=" " ind2=" " tag="042"><subfield code="a">pcc</subfield></datafield><datafield ind1=" " ind2=" " tag="043"><subfield code="a">n-us-il</subfield></datafield><datafield ind1="0" ind2="0" tag="245"><subfield code="a">Kankakee herald.</subfield></datafield><datafield ind1=" " ind2=" " tag="260"><subfield code="a">Kankakee, Ill. :</subfield><subfield code="b">H.L. Henry</subfield></datafield><datafield ind1=" " ind2=" " tag="300"><subfield code="a">v. ;</subfield><subfield code="c">67 cm.</subfield></datafield><datafield ind1=" " ind2=" " tag="310"><subfield code="a">Weekly</subfield></datafield><datafield ind1="1" ind2=" " tag="362"><subfield code="a">Began in 1872; ceased in 1883.</subfield></datafield><datafield ind1=" " ind2=" " tag="500"><subfield code="a">"A weekly journal, devoted to political and local news and general literature."</subfield></datafield><datafield ind1=" " ind2=" " tag="500"><subfield code="a">Editor: H. L. Henry, &lt;1873-1874&gt;.</subfield></datafield><datafield ind1=" " ind2=" " tag="588"><subfield code="a">Description based on: Vol. 1, no. 20 (Feb. 15, 1873).</subfield></datafield><datafield ind1=" " ind2=" " tag="588"><subfield code="a">Latest issue consulted: Sept. 15, 1876.</subfield></datafield><datafield ind1=" " ind2="0" tag="651"><subfield code="a">Kankakee (Ill.)</subfield><subfield code="v">Newspapers.</subfield></datafield><datafield ind1=" " ind2="7" tag="655"><subfield code="a">Newspapers.</subfield><subfield code="2">fast</subfield><subfield code="0">(OCoLC)fst01423814</subfield></datafield><datafield ind1=" " ind2="7" tag="651"><subfield code="a">Illinois</subfield><subfield code="z">Kankakee.</subfield><subfield code="2">fast</subfield><subfield code="0">(OCoLC)fst01219158</subfield></datafield><datafield ind1=" " ind2=" " tag="752"><subfield code="a">United States</subfield><subfield code="b">Illinois</subfield><subfield code="c">Kankakee</subfield><subfield code="d">Kankakee.</subfield></datafield></record>